<record><leader>00000cas a22000007a 4500</leader><controlfield tag="001">10397381</controlfield><controlfield tag="008">840209d18781879ohuwr ne      0    0eng d</controlfield><datafield ind1=" " ind2=" " tag="010"><subfield code="a">sn 84028047 </subfield></datafield><datafield ind1=" " ind2=" " tag="040"><subfield code="a">NPY</subfield><subfield code="b">eng</subfield><subfield code="c">NPY</subfield><subfield code="d">ONP</subfield><subfield code="d">OCLCQ</subfield></datafield><datafield ind1=" " ind2=" " tag="042"><subfield code="a">msc</subfield></datafield><datafield ind1="0" ind2=" " tag="130"><subfield code="a">Sandusky weekly journal (Sandusky, Ohio : 1878)</subfield></datafield><datafield ind1="1" ind2="4" tag="245"><subfield code="a">The Sandusky weekly journal.</subfield></datafield><datafield ind1="1" ind2="7" tag="246"><subfield code="a">Sandusky journal</subfield></datafield><datafield ind1=" " ind2=" " tag="260"><subfield code="a">Sandusky, Ohio :</subfield><subfield code="b">Kinney Bros.,</subfield><subfield code="c">1878-1879.</subfield></datafield><datafield ind1=" " ind2=" " tag="300"><subfield code="a">v. :</subfield><subfield code="b">ill. (chiefly advertisements) ;</subfield><subfield code="c">52 cm.</subfield></datafield><datafield ind1=" " ind2=" " tag="310"><subfield code="a">Weekly</subfield></datafield><datafield ind1="0" ind2=" " tag="362"><subfield code="a">Vol. 12, no. 29 (Mar. 7, 1878)-v. 14, no. 19 (Dec. 31, 1879).</subfield></datafield><datafield ind1=" " ind2=" " tag="500"><subfield code="a">"Democratic." Cf. Gutgesell, S. Guide to Ohio newspapers, 1974.</subfield></datafield><datafield ind1=" " ind2=" " tag="500"><subfield code="a">Publishers: Addison &amp; John C. Kinney, 1878-1879. Cf. Aldrich, L.C. Hist. of Erie Co., Ohio, 1889.</subfield></datafield><datafield ind1=" " ind2=" " tag="752"><subfield code="a">United States</subfield><subfield code="b">Ohio</subfield><subfield code="c">Erie</subfield><subfield code="d">Sandusky.</subfield></datafield><datafield ind1="0" ind2="0" tag="780"><subfield code="t">Sandusky weekly journal and Erie County news (Sandusky, Ohio : 1873)</subfield><subfield code="w">(DLC)sn 86079048</subfield></datafield><datafield ind1="0" ind2="0" tag="785"><subfield code="t">Sandusky journal</subfield><subfield code="w">(DLC)sn 87076727</subfield></datafield><datafield ind1="1" ind2=" " tag="029"><subfield code="a">AU@</subfield><subfield code="b">000025791227</subfield></datafield></record>